<?xml version="1.0" encoding="UTF-8"?><collection xmlns="http://www.loc.gov/MARC21/slim"><record><leader>00712nam--2200193-i-4500</leader><controlfield tag="001">000050093</controlfield><controlfield tag="002">20161230</controlfield><controlfield tag="005">20161230201048</controlfield><controlfield tag="008">060222s1000------------r-----000-0-eng-d</controlfield><datafield ind1=" " ind2=" " tag="020"><subfield code="a">9971978970</subfield></datafield><datafield ind1=" " ind2=" " tag="040"><subfield code="a">IFIN-HH</subfield></datafield><datafield ind1=" " ind2=" " tag="080"><subfield code="a">539.172.3(061.3)</subfield></datafield><datafield ind1="1" ind2=" " tag="100"><subfield code="a">Kauppila, Walter E</subfield></datafield><datafield ind1="1" ind2="0" tag="245"><subfield code="a">Positron electron -gas scattering</subfield><subfield code="b">Proceedings of the third international workshop on positron electron -gas scattering wayne state university, detroit, michigan july 16-18 1985</subfield><subfield code="c">Wlater e. kauppila, talbert s. stein, jogindra m. wadehra (eds.)</subfield></datafield><datafield ind1=" " ind2=" " tag="260"><subfield code="a">Singapore</subfield><subfield code="b">World Scientific</subfield><subfield code="c">1985</subfield></datafield><datafield ind1=" " ind2=" " tag="300"><subfield code="a">XVII+480P</subfield></datafield><datafield ind1="1" ind2=" " tag="700"><subfield code="a">Wadehra, Jogindra M</subfield><subfield code="e">Ed</subfield></datafield><datafield ind1=" " ind2=" " tag="852"><subfield code="a">79110</subfield><subfield code="c">539.17</subfield></datafield><datafield ind1=" " ind2=" " tag="CAT"><subfield code="a">Sys</subfield><subfield code="c">20120628</subfield><subfield code="h">110734</subfield></datafield></record></collection>